<?xml version="1.0" encoding="UTF-8"?><collection xmlns="http://www.loc.gov/MARC21/slim"><record><leader>00354nam--2200133-i-4500</leader><controlfield tag="001">000037809</controlfield><controlfield tag="002">20161230</controlfield><controlfield tag="005">20161230201041</controlfield><controlfield tag="008">060222s1000------------r-----000-0-eng-d</controlfield><datafield ind1=" " ind2=" " tag="080"><subfield code="a">523.4-852</subfield></datafield><datafield ind1=" " ind2=" " tag="100"><subfield code="a">Ramsay, William</subfield></datafield><datafield ind1=" " ind2=" " tag="245"><subfield code="a">Les gaz de l`atmosphere. histoire de leur decouverte</subfield></datafield><datafield ind1=" " ind2=" " tag="260"><subfield code="a">Paris, Carre G.Et C.Naud, 1898, /Dif.P.</subfield></datafield><datafield ind1=" " ind2=" " tag="852"><subfield code="a">44572</subfield></datafield></record></collection>